%% This BibTeX bibliography file was created using BibDesk.
%% https://bibdesk.sourceforge.io/

%% Created for LÃ©onard Bise at 2018-08-03 16:16:10 +0200 


%% Saved with string encoding Unicode (UTF-8) 



@manual{ublox-datasheet,
	Date-Added = {2018-08-03 16:14:59 +0200},
	Date-Modified = {2018-08-03 16:16:02 +0200},
	Edition = {UBX-16009928 - R03},
	Month = {July},
	Organization = {UBlox},
	Title = {EVA-8M u-blox 8 GNSS module Data Sheet},
	Year = {2016}}

@manual{rn2483-datasheet,
	Date-Added = {2018-08-03 11:03:38 +0200},
	Date-Modified = {2018-08-03 11:22:10 +0200},
	Edition = {DS40001784B Revision B},
	Month = {March},
	Organization = {Microchip Technology Inc.},
	Title = {RN2483 LoRa Technology Module Command Reference User's Guide},
	Year = {2015}}

@manual{samd21-i2c-configuration,
	Date-Added = {2018-08-03 09:58:29 +0200},
	Date-Modified = {2018-08-03 10:00:23 +0200},
	Edition = {42631A},
	Month = {December},
	Organization = {Atmel},
	Title = {AT11628: SAM D21 SERCOM I2C Configuration},
	Year = {2015}}

@manual{samd21-datasheet,
	Date-Added = {2018-08-03 09:53:00 +0200},
	Date-Modified = {2018-08-03 09:55:32 +0200},
	Edition = {DS40001882C Rev. C},
	Month = {June},
	Organization = {Microchip Technology Inc.},
	Title = {SAMD21 Family Datasheet},
	Year = {2018}}

@manual{lsm303agr-datasheet,
	Date-Added = {2018-08-03 09:50:01 +0200},
	Date-Modified = {2018-08-03 09:52:02 +0200},
	Edition = {DocID027765 Rev 9},
	Month = {September},
	Organization = {ST},
	Title = {LSM303AGR Accelerometer/Magnetometer Datasheet},
	Year = {2016}}

@manual{ublox-protocol,
	Author = {U-Blox},
	Date-Added = {2018-07-27 14:22:32 +0200},
	Date-Modified = {2018-07-27 14:33:09 +0200},
	Edition = {UBX-13003221 - R15},
	Month = {March},
	Title = {u-blox 8 / u-blox M8 - Receiver Description Including Protocol Specification},
	Year = {2018}}

@electronic{zephyr_web,
	Author = {The Linux Foundation},
	Date-Added = {2018-07-27 09:13:40 +0200},
	Date-Modified = {2018-08-03 14:38:51 +0200},
	Lastchecked = {27.07.2018},
	Title = {GPS Overview},
	Urldate = {25.05.2018},
	Bdsk-Url-1 = {https://www.zephyrproject.org/}}

@electronic{gps_overview,
	Author = {U.S. government},
	Date-Added = {2018-05-25 09:40:48 +0000},
	Date-Modified = {2018-08-03 14:39:07 +0200},
	Lastchecked = {25.05.2018},
	Title = {GPS Overview},
	Urldate = {25.05.2018},
	Bdsk-Url-1 = {https://www.gps.gov}}

@electronic{nmea_0183,
	Author = {National Marine Electronics Association},
	Date-Added = {2018-05-25 09:39:30 +0000},
	Date-Modified = {2018-08-03 14:39:12 +0200},
	Lastchecked = {25.05.2018},
	Month = {05},
	Title = {Standards NMEA (2000, 0183)},
	Url = {https://www.nmea.org/content/nmea_standards/nmea_0183_v_410.asp},
	Year = {2018},
	Bdsk-Url-1 = {https://www.nmea.org/content/nmea_standards/nmea_0183_v_410.asp}}

@electronic{iaff_all_time_top_list,
	Abstract = {All Time Top Lists},
	Author = {IAFF},
	Date-Added = {2018-05-25 09:36:58 +0000},
	Date-Modified = {2018-08-03 14:39:00 +0200},
	Lastchecked = {25.05.2018},
	Month = {05},
	Title = {All Time Top Lists},
	Url = {https://www.iaaf.org/records/all-time-toplists/sprints/100-metres/outdoor/men/senior},
	Urldate = {25.05.2018},
	Year = {2018},
	Bdsk-Url-1 = {https://www.iaaf.org/records/all-time-toplists/sprints/100-metres/outdoor/men/senior}}

@techreport{lorawan_spec,
	Author = {LoRa Alliance Technical Committee},
	Date-Added = {2018-05-25 09:32:28 +0000},
	Date-Modified = {2018-05-25 09:36:06 +0000},
	Institution = {LoRa Alliance, Inc},
	Month = {10},
	Title = {LoRaWAN{\texttrademark} 1.1 Specification},
	Type = {Specification},
	Year = {2017},
	Bdsk-File-1 = {YnBsaXN0MDDUAQIDBAUGJCVYJHZlcnNpb25YJG9iamVjdHNZJGFyY2hpdmVyVCR0b3ASAAGGoKgHCBMUFRYaIVUkbnVsbNMJCgsMDxJXTlMua2V5c1pOUy5vYmplY3RzViRjbGFzc6INDoACgAOiEBGABIAFgAdccmVsYXRpdmVQYXRoWWFsaWFzRGF0YV8QNS4uLy4uL2JpYmxpb2dyYXBoaWUvbG9yYXdhbnRtX3NwZWNpZmljYXRpb25fLXYxLjEucGRm0hcLGBlXTlMuZGF0YU8RAfAAAAAAAfAAAgAADE1hY2ludG9zaCBIRAAAAAAAAAAAAAAAAAAAAAAAAABCRAAB/////x9sb3Jhd2FudG1fc3BlY2lmaWMjRkZGRkZGRkYucGRmAAAAAAAAAAAAAAAAAAAAAAAAAAAAAAAAAAAAAAAAAAD/////AAAAAAAAAAAAAAAAAAIAAgAACiBjdQAAAAAAAAAAAAAAAAANYmlibGlvZ3JhcGhpZQAAAgBmLzpVc2VyczpsZW9uYXJkLmJpc2U6Z2l0cmVwbzpUcmF2YWlsQmFjaGVsb3I6ZG9jdW1lbnRzOmJpYmxpb2dyYXBoaWU6bG9yYXdhbnRtX3NwZWNpZmljYXRpb25fLXYxLjEucGRmAA4ARAAhAGwAbwByAGEAdwBhAG4AdABtAF8AcwBwAGUAYwBpAGYAaQBjAGEAdABpAG8AbgBfAC0AdgAxAC4AMQAuAHAAZABmAA8AGgAMAE0AYQBjAGkAbgB0AG8AcwBoACAASABEABIAZFVzZXJzL2xlb25hcmQuYmlzZS9naXRyZXBvL1RyYXZhaWxCYWNoZWxvci9kb2N1bWVudHMvYmlibGlvZ3JhcGhpZS9sb3Jhd2FudG1fc3BlY2lmaWNhdGlvbl8tdjEuMS5wZGYAEwABLwAAFQACABP//wAAgAbSGxwdHlokY2xhc3NuYW1lWCRjbGFzc2VzXU5TTXV0YWJsZURhdGGjHR8gVk5TRGF0YVhOU09iamVjdNIbHCIjXE5TRGljdGlvbmFyeaIiIF8QD05TS2V5ZWRBcmNoaXZlctEmJ1Ryb290gAEACAARABoAIwAtADIANwBAAEYATQBVAGAAZwBqAGwAbgBxAHMAdQB3AIQAjgDGAMsA0wLHAskCzgLZAuIC8AL0AvsDBAMJAxYDGQMrAy4DMwAAAAAAAAIBAAAAAAAAACgAAAAAAAAAAAAAAAAAAAM1}}

@article{limits_lorawan,
	Author = {Adelantado, Ferran and Vilajosana, Xavier and Tuset-Peiro, Pere and Martinez, Borja and Meli{\`a}-Segu{\'\i}, Joan and Watteyne, Thomas},
	Booktitle = {IEEE Communications Magazine},
	Date-Added = {2018-05-25 09:30:56 +0000},
	Date-Modified = {2018-05-25 09:31:47 +0000},
	Month = {06},
	Title = {Understanding the limits of LoRaWAN},
	Volume = {55},
	Year = {2017},
	Bdsk-File-1 = {YnBsaXN0MDDUAQIDBAUGJCVYJHZlcnNpb25YJG9iamVjdHNZJGFyY2hpdmVyVCR0b3ASAAGGoKgHCBMUFRYaIVUkbnVsbNMJCgsMDxJXTlMua2V5c1pOUy5vYmplY3RzViRjbGFzc6INDoACgAOiEBGABIAFgAdccmVsYXRpdmVQYXRoWWFsaWFzRGF0YV8QOy4uLy4uL2JpYmxpb2dyYXBoaWUvVW5kZXJzdGFuZGluZyB0aGUgbGltaXRzIG9mIExvUmFXQU4ucGRm0hcLGBlXTlMuZGF0YU8RAggAAAAAAggAAgAADE1hY2ludG9zaCBIRAAAAAAAAAAAAAAAAAAAAAAAAABCRAAB/////x9VbmRlcnN0YW5kaW5nIHRoZSAjRkZGRkZGRkYucGRmAAAAAAAAAAAAAAAAAAAAAAAAAAAAAAAAAAAAAAAAAAD/////AAAAAAAAAAAAAAAAAAIAAgAACiBjdQAAAAAAAAAAAAAAAAANYmlibGlvZ3JhcGhpZQAAAgBsLzpVc2VyczpsZW9uYXJkLmJpc2U6Z2l0cmVwbzpUcmF2YWlsQmFjaGVsb3I6ZG9jdW1lbnRzOmJpYmxpb2dyYXBoaWU6VW5kZXJzdGFuZGluZyB0aGUgbGltaXRzIG9mIExvUmFXQU4ucGRmAA4AUAAnAFUAbgBkAGUAcgBzAHQAYQBuAGQAaQBuAGcAIAB0AGgAZQAgAGwAaQBtAGkAdABzACAAbwBmACAATABvAFIAYQBXAEEATgAuAHAAZABmAA8AGgAMAE0AYQBjAGkAbgB0AG8AcwBoACAASABEABIAalVzZXJzL2xlb25hcmQuYmlzZS9naXRyZXBvL1RyYXZhaWxCYWNoZWxvci9kb2N1bWVudHMvYmlibGlvZ3JhcGhpZS9VbmRlcnN0YW5kaW5nIHRoZSBsaW1pdHMgb2YgTG9SYVdBTi5wZGYAEwABLwAAFQACABP//wAAgAbSGxwdHlokY2xhc3NuYW1lWCRjbGFzc2VzXU5TTXV0YWJsZURhdGGjHR8gVk5TRGF0YVhOU09iamVjdNIbHCIjXE5TRGljdGlvbmFyeaIiIF8QD05TS2V5ZWRBcmNoaXZlctEmJ1Ryb290gAEACAARABoAIwAtADIANwBAAEYATQBVAGAAZwBqAGwAbgBxAHMAdQB3AIQAjgDMANEA2QLlAucC7AL3AwADDgMSAxkDIgMnAzQDNwNJA0wDUQAAAAAAAAIBAAAAAAAAACgAAAAAAAAAAAAAAAAAAANT}}

@techreport{lora_modulation_basics,
	Author = {Semtech},
	Date-Added = {2018-05-25 09:22:46 +0000},
	Date-Modified = {2018-05-25 09:39:09 +0000},
	Institution = {Semtech},
	Month = {05},
	Number = {AN1200.22},
	Pages = {4-13},
	Title = {LoRa Modulation Basics},
	Type = {Application Note},
	Year = {2015},
	Bdsk-File-1 = {YnBsaXN0MDDUAQIDBAUGJCVYJHZlcnNpb25YJG9iamVjdHNZJGFyY2hpdmVyVCR0b3ASAAGGoKgHCBMUFRYaIVUkbnVsbNMJCgsMDxJXTlMua2V5c1pOUy5vYmplY3RzViRjbGFzc6INDoACgAOiEBGABIAFgAdccmVsYXRpdmVQYXRoWWFsaWFzRGF0YV8QOi4uLy4uL2JpYmxpb2dyYXBoaWUvYW4xMjAwLjIyIC0gTG9SYSBNb2R1bGF0aW9uIEJhc2ljcy5wZGbSFwsYGVdOUy5kYXRhTxECBgAAAAACBgACAAAMTWFjaW50b3NoIEhEAAAAAAAAAAAAAAAAAAAAAAAAAEJEAAH/////H2FuMTIwMC4yMiAtIExvUmEgTSNGRkZGRkZGRi5wZGYAAAAAAAAAAAAAAAAAAAAAAAAAAAAAAAAAAAAAAAAAAP////8AAAAAAAAAAAAAAAAAAgACAAAKIGN1AAAAAAAAAAAAAAAAAA1iaWJsaW9ncmFwaGllAAACAGsvOlVzZXJzOmxlb25hcmQuYmlzZTpnaXRyZXBvOlRyYXZhaWxCYWNoZWxvcjpkb2N1bWVudHM6YmlibGlvZ3JhcGhpZTphbjEyMDAuMjIgLSBMb1JhIE1vZHVsYXRpb24gQmFzaWNzLnBkZgAADgBOACYAYQBuADEAMgAwADAALgAyADIAIAAtACAATABvAFIAYQAgAE0AbwBkAHUAbABhAHQAaQBvAG4AIABCAGEAcwBpAGMAcwAuAHAAZABmAA8AGgAMAE0AYQBjAGkAbgB0AG8AcwBoACAASABEABIAaVVzZXJzL2xlb25hcmQuYmlzZS9naXRyZXBvL1RyYXZhaWxCYWNoZWxvci9kb2N1bWVudHMvYmlibGlvZ3JhcGhpZS9hbjEyMDAuMjIgLSBMb1JhIE1vZHVsYXRpb24gQmFzaWNzLnBkZgAAEwABLwAAFQACABP//wAAgAbSGxwdHlokY2xhc3NuYW1lWCRjbGFzc2VzXU5TTXV0YWJsZURhdGGjHR8gVk5TRGF0YVhOU09iamVjdNIbHCIjXE5TRGljdGlvbmFyeaIiIF8QD05TS2V5ZWRBcmNoaXZlctEmJ1Ryb290gAEACAARABoAIwAtADIANwBAAEYATQBVAGAAZwBqAGwAbgBxAHMAdQB3AIQAjgDLANAA2ALiAuQC6QL0Av0DCwMPAxYDHwMkAzEDNANGA0kDTgAAAAAAAAIBAAAAAAAAACgAAAAAAAAAAAAAAAAAAANQ}}
